@book{RoblingDenning:1982:CDS:539308,
 author = {Robling Denning, Dorothy Elizabeth},
 title = {Cryptography and Data Security},
 year = {1982},
 isbn = {0-201-10150-5},
 publisher = {Addison-Wesley Longman Publishing Co., Inc.},
 address = {Boston, MA, USA},
} 
@article{bundesgesetzblattmitgerichten,
title={Gesetz zur F&oumlrderung des elektronischen Rechtsverkehrs mit den Gerichten},
year={2013},
volume={Teil 1},
number={NR. 62},
}
@article{eakten-anforderungen,
title={Elektronische Akten: Anforderungen und technische Lösungsmöglichkeiten}
}

@article{elrechtsvekehranwaltszwang,
title={Elektronischer Rechtsverkehr in Verfahren ohne
Anwaltszwang – der Justizgewährungsanspruch des Bürgers
als praktischer und theoretischer Störfaktor?}
}
@article{smid1998digital,
  title={Digital Signature Standard},
  author={Smid, Miles E},
  year={1998},
}
@article{Shao2001383,
title = "Batch verifying multiple DSA-type digital signatures ",
journal = "Computer Networks ",
volume = "37",
number = "3–4",
pages = "383 - 389",
year = "2001",
note = "",
issn = "1389-1286",
doi = "http://dx.doi.org/10.1016/S1389-1286(01)00220-1",
url = "http://www.sciencedirect.com/science/article/pii/S1389128601002201",
author = "Zuhua Shao",
keywords = "Cryptography",
keywords = "Signature scheme",
keywords = "Discrete logarithm",
keywords = "Digital signature standard "
}

@article{Bao20061195,
title = "Cryptanalysis and improvement on batch verifying multiple \{RSA\} digital signatures ",
journal = "Applied Mathematics and Computation ",
volume = "172",
number = "2",
pages = "1195 - 1200",
year = "2006",
note = "Special issue for The Beijing-HK Scientific Computing Meetings ",
issn = "0096-3003",
doi = "http://dx.doi.org/10.1016/j.amc.2005.03.016",
url = "http://www.sciencedirect.com/science/article/pii/S0096300305002869",
author = "Feng Bao and Cheng-Chi Lee and Min-Shiang Hwang",
keywords = "Cryptography",
keywords = "Digital signature",
keywords = "\{RSA\}",
keywords = "Security",
keywords = "Batch verifying "
}

@article{Gesetzfoerderungrechtsverkehr,
author={Klaus Bacher},
title={Das Gesetz zur F&oumlrderung des elektronischen Rechtsverkehr},
year={2014},
number={998-1003}
}
@article{rechtsvekehranwaltskanzlei,
author={Klaus Bacher},
title={Elektronischer Rechtsverkehr in der Anwaltskanzlei},
year={2014},
number={1053-1055}
}
@article{Rivest:1983:MOD:357980.358017,
 author = {Rivest, R. L. and Shamir, A. and Adleman, L.},
 title = {A Method for Obtaining Digital Signatures and Public-key Cryptosystems},
 journal = {Commun. ACM},
 issue_date = {Jan. 1983},
 volume = {26},
 number = {1},
 month = jan,
 year = {1983},
 issn = {0001-0782},
 pages = {96--99},
 numpages = {4},
 url = {http://doi.acm.org/10.1145/357980.358017},
 doi = {10.1145/357980.358017},
 acmid = {358017},
 publisher = {ACM},
 address = {New York, NY, USA},
 keywords = {authentication, cryptography, digital signatures, electronic funds transfer, electronic mail, factorization, message-passing, prime number, privacy, public-key cryptosystems, security},
} 
