@book{RoblingDenning:1982:CDS:539308,
 author = {Robling Denning, Dorothy Elizabeth},
 title = {Cryptography and Data Security},
 year = {1982},
 isbn = {0-201-10150-5},
 publisher = {Addison-Wesley Longman Publishing Co., Inc.},
 address = {Boston, MA, USA},
} 
@article{bundesgesetzblattmitgerichten,
title={{Gesetz zur Förderung des elektronischen Rechtsverkehrs mit den Gerichten}},
year={2013},
volume={Teil 1},
number={NR. 62},
}
@article{eakten-anforderungen,
  title={ELEKTRONISCHE AKTEN: ANFORDERUNGEN UND TECHNISCHE L{\"O}SUNGSM{\"O}GLICHKEITEN},
  author={Leibenger, Dominik and Petrlic, Ronald and Sorge, Christoph and Vogelgesang, Stephanie}
}

@article{elrechtsvekehranwaltszwang,
title={{Elektronischer Rechtsverkehr in Verfahren ohne
Anwaltszwang – der Justizgewährungsanspruch des Bürgers
als praktischer und theoretischer Störfaktor?}}
}
@article{smid1998digital,
  title={Digital Signature Standard},
  author={Smid, Miles E},
  year={1998},
}
@article{Shao2001383,
title = "Batch verifying multiple DSA-type digital signatures ",
journal = "Computer Networks ",
volume = "37",
number = "3–4",
pages = "383 - 389",
year = "2001",
issn = "1389-1286",
doi = "http://dx.doi.org/10.1016/S1389-1286(01)00220-1",
url = "http://www.sciencedirect.com/science/article/pii/S1389128601002201",
author = "Zuhua Shao",
keywords = "Cryptography",
keywords = "Signature scheme",
keywords = "Discrete logarithm",
keywords = "Digital signature standard "
}

@article{Bao20061195,
title = "Cryptanalysis and improvement on batch verifying multiple RSA digital signatures ",
journal = "Applied Mathematics and Computation ",
volume = "172",
number = "2",
pages = "1195 - 1200",
year = "2006",
note = "Special issue for The Beijing-HK Scientific Computing Meetings ",
issn = "0096-3003",
doi = "http://dx.doi.org/10.1016/j.amc.2005.03.016",
url = "http://www.sciencedirect.com/science/article/pii/S0096300305002869",
author = "Feng Bao and Cheng-Chi Lee and Min-Shiang Hwang",
keywords = "Cryptography",
keywords = "Digital signature",
keywords = "RSA",
keywords = "Security",
keywords = "Batch verifying "
}

@article{Gesetzfoerderungrechtsverkehr,
author={Klaus Bacher},
title={{Das Gesetz zur Förderung des elektronischen Rechtsverkehr}},
year={2014},
number={998-1003}
}
@article{rechtsvekehranwaltskanzlei,
author={Klaus Bacher},
title={{Elektronischer Rechtsverkehr in der Anwaltskanzlei}},
year={2014},
number={1053-1055}
}
@article{Rivest:1983:MOD:357980.358017,
 author = {Rivest, R. L. and Shamir, A. and Adleman, L.},
 title = {A Method for Obtaining Digital Signatures and Public-key Cryptosystems},
 journal = {Commun. ACM},
 issue_date = {Jan. 1983},
 volume = {26},
 number = {1},
 month = jan,
 year = {1983},
 issn = {0001-0782},
 pages = {96--99},
 numpages = {4},
 url = {http://doi.acm.org/10.1145/357980.358017},
 doi = {10.1145/357980.358017},
 acmid = {358017},
 publisher = {ACM},
 address = {New York, NY, USA},
 keywords = {authentication, cryptography, digital signatures, electronic funds transfer, electronic mail, factorization, message-passing, prime number, privacy, public-key cryptosystems, security},
} 
@article{Bertino:1999:SEA:300830.300837,
 author = {Bertino, Elisa and Ferrari, Elena and Atluri, Vijay},
 title = {The Specification and Enforcement of Authorization Constraints in Workflow Management Systems},
 journal = {ACM Trans. Inf. Syst. Secur.},
 issue_date = {Feb. 1999},
 volume = {2},
 number = {1},
 month = feb,
 year = {1999},
 issn = {1094-9224},
 pages = {65--104},
 numpages = {40},
 url = {http://doi.acm.org/10.1145/300830.300837},
 doi = {10.1145/300830.300837},
 acmid = {300837},
 publisher = {ACM},
 address = {New York, NY, USA},
 keywords = {access control, authorization constraints, role and user planning},
} 
@article{Ahn:2000:RAC:382912.382913,
 author = {Ahn, Gail-Joon and Sandhu, Ravi},
 title = {Role-based Authorization Constraints Specification},
 journal = {ACM Trans. Inf. Syst. Secur.},
 issue_date = {Nov. 2000},
 volume = {3},
 number = {4},
 month = nov,
 year = {2000},
 issn = {1094-9224},
 pages = {207--226},
 numpages = {20},
 url = {http://doi.acm.org/10.1145/382912.382913},
 doi = {10.1145/382912.382913},
 acmid = {382913},
 publisher = {ACM},
 address = {New York, NY, USA},
 keywords = {access control models, authorization constraints, constraints specification, role-based access control},
} 

@book{Smith:2001:APP:501593,
 author = {Smith, Richard E.},
 title = {Authentication: From Passwords to Public Keys},
 year = {2002},
 isbn = {0-201-61599-1},
 publisher = {Addison-Wesley Longman Publishing Co., Inc.},
 address = {Boston, MA, USA},
} 

@article{carstens2015grundlagen,
  title={{Grundlagen f{\"u}r eine barrierefreie IT in der Justiz}},
  author={Carstens, Andreas},
  journal={Barrierefreie Informationssysteme: Zug{\"a}nglichkeit f{\"u}r Menschen mit Behinderung in Theorie und Praxis},
  volume={6},
  pages={177},
  year={2015},
  publisher={Walter de Gruyter GmbH \& Co KG}
}

@online{bea:egvp,
	ALTauthor = {Henning Zander},
	title = {Das Postfach, das kein Postfach ist},
	year = {2015},
	url = {http://www.lto.de/recht/kanzleien-unternehmen/k/bea-elektronisches-anwaltspostfach-januar-2016-verpflichtend-spaestens-bis-2022}
}

@online{bea:egvp:landkarte,
	title = {Änderungen beim Zugang zum elektronischen Rechtsverkehr ab 01.01.2016},
	year = {2015},
	url = {http://www.egvp.de}
}

@online{bea:demail,
	title = {De-Mail},
	year = {2015},
	url = {https://de.wikipedia.org/wiki/De-Mail}
}

@online{bea:demail:brokenbydesign,
	title = {De-Mail - Broken by Design},
	year = {2015},
	url = {http://hasi.it/wiki/images/a/ab/De-Mail_Broken_By_Design.pdf}
}

@online{bea:demail:ccc,
	title = {Stellungnahme zur De-Mail},
	year = {2015},
	url = {http://ccc.de/system/uploads/126/original/stellungnahme-demail2013.pdf}
}

@online{bea:demail:bullshit,
	title = {Bullshit made in Germany},
	year = {2015},
	url = {http://www.zeit.de/digital/datenschutz/2013-12/30c3-ccc-de-mail-neumann/komplettansicht}
}

@online{bea:bea:praxis:qa,
	title = {Q \& A – Fragen und Antworten zum ERV},
	year = {2015},
	url = {http://www.ra-micro.de/erv-faq}	
}

@online{bea:bea:brak,
	title = {beA - Das besondere elektronische Anwaltspostfach},
	year = {2015},
	url = {http://www.brak.de/fuer-anwaelte/bea-das-besondere-elektronische-anwaltspostfach}
}

@online{bea:bea:brak-schutzschriften,
	title = {Elektronisches Schutzschriftenregister},
	year = {2015},
	url = {http://www.brak.de/zur-rechtspolitik/newsletter/nachrichten-aus-berlin/2015/ausgabe-5-2015-v-06032015.news.html#hl57218}
}

@periodical{bea:bea:brak2/2015,
	ALTauthor = {BRAK},
	ALTeditor = {BRAK},
	title = {BRAKMagazin 2/2015},
	OPTsubtitle = {beA bekommt Gesicht – Neues vom elektronischen Anwaltspostfach},
	date = {April 2015},
	OPTurl = {http://www.brak.de/fuer-anwaelte/bea-das-besondere-elektronische-anwaltspostfach/brakmagazin-2-2015},
	OPTurldate = {25.06.2015}
}

@periodical{bea:bea:brak3/2015,
	ALTauthor = {BRAK},
	ALTeditor = {BRAK},
	title = {BRAKMagazin 3/2015},
	OPTsubtitle = {beA = E-Mail+},
	date = {Juni 2015},
	OPTurl = {http://www.brak-mitteilungen.de/media/BRAKMagazin_3_2015.pdf},
	OPTurldate = {25.06.2015}
}

@online{bea:osci,
	title = {Online Services Computer Interface},
	year = {2015},
	url = {https://de.wikipedia.org/wiki/Online_Services_Computer_Interface}
}

@online{bea:schutzschriftenregister,
	title = {News: Verordnung über das elektronische Schutzschriftenregister (SRV)},
	year = {2015}
}

@misc{thomas2015multi,
  title={MULTI-FACTOR AUTHENTICATION},
  author={Thomas, Annie and Garg, Shalin and Bose, Sneha and Vallat, Sathish},
  year={2015},
  month=may # "~21",
  note={US Patent 20,150,143,496}
}
@article{yang2008two,
  title={Two-factor mutual authentication based on smart cards and passwords},
  author={Yang, Guomin and Wong, Duncan S and Wang, Huaxiong and Deng, Xiaotie},
  journal={Journal of Computer and System Sciences},
  volume={74},
  number={7},
  pages={1160--1172},
  year={2008},
  publisher={Elsevier}
}
@article{badra2006key,
  title={Key-exchange authentication using shared secrets},
  author={Badra, Mohamad and Hajjeh, Ibrahim},
  journal={Computer},
  volume={39},
  number={3},
  pages={58--66},
  year={2006},
  publisher={IEEE}
}
@techreport{eronen2005pre,
  title={Pre-shared key ciphersuites for transport layer security (TLS)},
  author={Eronen, Pasi and Tschofenig, Hannes},
  year={2005}
}
@inproceedings{bellare1996exact,
  title={The exact security of digital signatures-How to sign with RSA and Rabin},
  author={Bellare, Mihir and Rogaway, Phillip},
  booktitle={Advances in Cryptology—Eurocrypt’96},
  pages={399--416},
  year={1996},
  organization={Springer}
}
@incollection{shin2003new,
  title={New DSA-verifiable signcryption schemes},
  author={Shin, Jun-Bum and Lee, Kwangsu and Shim, Kyungah},
  booktitle={Information Security and Cryptology—ICISC 2002},
  pages={35--47},
  year={2003},
  publisher={Springer}
}